

@book{larman_applyingUmlAndPatterns_2004,
  added-at = {2013-02-28T11:13:35.000+0100},
  address = {Upper Saddle River, NJ, USA},
  author = {Larman, Craig},
  isbn = {0131489062},
  publisher = {Prentice Hall PTR},
  title = {Applying UML and Patterns: An Introduction to Object-Oriented Analysis and Design and Iterative Development (3rd Edition)},
  year = 2004
}

@misc{torproject2023entryguards,
  title = {Understanding Entry Guards},
  author = {{The Tor Project}},
  year = {2023},
  url = {https://support.torproject.org/about/entry-guards/},
  note = {Accessed: 2023-12-12}
}

@misc{emqx2023mqttguide,
  title = {The Easiest Guide to Getting Started with MQTT},
  author = {{EMQX}},
  year = {2023},
  url = {https://www.emqx.com/en/blog/the-easiest-guide-to-getting-started-with-mqtt},
  note = {Accessed: 2023-12-12}
}

@misc{nist2022pqccandidates,
  title = {PQC Candidates to be Standardized and Round 4},
  author = {{National Institute of Standards and Technology (NIST)}},
  year = {2022},
  url = {https://csrc.nist.gov/News/2022/pqc-candidates-to-be-standardized-and-round-4},
  note = {Accessed: 2023-12-12}
}

@misc{pqcrystals,
  title = {{PQ-Crystals: Post-Quantum Cryptography from Lattices}},
  howpublished = {\url{https://pq-crystals.org/index.shtml}},
  note = {Accessed: 2023-12-12}
}

@misc{ejabberddocs,
  title = {{ejabberd Documentation}},
  howpublished = {\url{https://docs.ejabberd.im/}},
  note = {Accessed: 2023-12-12}
}

@misc{prosodydocs,
  title = {{Prosody IM Documentation}},
  howpublished = {\url{https://prosody.im/doc}},
  note = {Accessed: 2023-12-12}
}

@misc{nist2023postquantum,
  title = {Round 4 Submissions - Post-Quantum Cryptography},
  author = {{National Institute of Standards and Technology}},
  year = {2023},
  url = {https://csrc.nist.gov/Projects/post-quantum-cryptography/round-4-submissions},
  note = {Accessed: 2023-12-20}
}

@misc{briarproject,
  author = {{Briar Project}},
  title = {Briar Project - Secure Messaging, Anywhere},
  year = {2023},
  url = {https://briarproject.org/},
  note = {Accessed: 2023-12-20}
}

@misc{signal,
  author = {{Signal}},
  title = {Signal - Private Messenger},
  year = {2023},
  url = {https://signal.org/},
  note = {Accessed: 2023-12-20}
}

@misc{torproject2023website,
  title = {Tor Project | Anonymity Online},
  author = {{Tor Project}},
  year = {2023},
  url = {https://www.torproject.org/},
  note = {Accessed: 2023-12-20}
}

@misc{xmpp2023website,
  title = {XMPP | Extensible Messaging and Presence Protocol},
  author = {{XMPP Standards Foundation}},
  year = {2023},
  url = {https://xmpp.org/de/},
  note = {Accessed: 2023-12-20}
}

@misc{matrix2023website,
  title = {Matrix | Open Network for Secure, Decentralized Communication},
  author = {{Matrix.org}},
  year = {2023},
  url = {https://matrix.org/},
  note = {Accessed: 2023-12-20}
}

@misc{djangowebsite2023,
  title = {Django | The Web Framework for Perfectionists with Deadlines},
  author = {{Django Software Foundation}},
  year = {2023},
  url = {https://www.djangoproject.com/},
  note = {Accessed: 2023-12-20}
}

@misc{tailwindcss2023,
  title = {Tailwind CSS - A Utility-First CSS Framework for Rapidly Building Custom Designs},
  author = {{Tailwind Labs Inc.}},
  year = {2023},
  url = {https://tailwindcss.com/},
  note = {Accessed: 2023-12-20}
}

@misc{pidginwebsite2023,
  title = {Pidgin - Universal Chat Client},
  author = {{Pidgin}},
  year = {2023},
  url = {https://www.pidgin.im/},
  note = {Accessed: 2023-12-20}
}

@misc{geeksforgeeks2023grovers,
  title = {Introduction to Grover's Algorithm - GeeksforGeeks},
  author = {{GeeksforGeeks}},
  year = {2023},
  url = {https://www.geeksforgeeks.org/introduction-to-grovers-algorithm/},
  note = {Accessed: 2023-12-20}
}

@misc{geeksforgeeks2023shors,
  title = {Shor's Factorization Algorithm - GeeksforGeeks},
  author = {{GeeksforGeeks}},
  year = {2023},
  url = {https://www.geeksforgeeks.org/shors-factorization-algorithm/},
  note = {Accessed: 2023-12-20}
}
